@Comment Комментарий

@Book{bib1,
	title= "Title",
	author="Author",
	publisher="Publisher",
	year={2007}
}
